<?xml version="1.0" encoding="UTF-8"?><collection xmlns="http://www.loc.gov/MARC21/slim"><record><leader>00514nam--2200181-i-4500</leader><controlfield tag="001">000024336</controlfield><controlfield tag="002">20161230</controlfield><controlfield tag="005">20161230201035</controlfield><controlfield tag="008">060222s1000------------r-----000-0-rum-d</controlfield><datafield ind1=" " ind2=" " tag="040"><subfield code="a">IFIN-HH</subfield></datafield><datafield ind1=" " ind2=" " tag="041"><subfield code="a">rum</subfield></datafield><datafield ind1=" " ind2=" " tag="080"><subfield code="a">536.7:531.19(076.1)</subfield></datafield><datafield ind1="1" ind2=" " tag="100"><subfield code="a">Ignat, Margareta</subfield></datafield><datafield ind1="1" ind2="0" tag="245"><subfield code="a">Intrebari si exercitii de termodinamica si fizica statistica</subfield><subfield code="c">Margareta ignat</subfield></datafield><datafield ind1=" " ind2=" " tag="260"><subfield code="a">Bucuresti</subfield><subfield code="b">Editura Stiintifica Si Enciclopedica</subfield><subfield code="c">1981</subfield></datafield><datafield ind1=" " ind2=" " tag="300"><subfield code="a">391P</subfield></datafield><datafield ind1=" " ind2=" " tag="852"><subfield code="a">75582</subfield><subfield code="c">536.7</subfield></datafield><datafield ind1=" " ind2=" " tag="CAT"><subfield code="a">Sys</subfield><subfield code="c">20110602</subfield><subfield code="h">123137</subfield></datafield></record></collection>